
% DEVDOCS
@misc{devdocs,
	title = {DevDocs},
	howpublished = {{\em {\footnotesize \url{http://devdocs.io/}}}},
	journal = {API Documentation}
}

% GENERATORS
@misc{tabela,
	title = {Tables Generator},
	howpublished = {{\em {\footnotesize \url{http://www.tablesgenerator.com/}}}},
	journal = {Tables Generator}
}

@misc{bibme,
	title = {BibMe: Free BibTex generic citation style Bibliography \& Citation Maker},
	howpublished = {{\em {\footnotesize \url{http://www.bibme.org/bibtex}}}},
	journal = {BibMe, a Chegg Service},
	publisher = {BibMe™},
	year = {2007}
}
BibMe™ formats according to APA 6th Edition, MLA 7th Edition, Chicago 16th Edition

% OPENCV
@misc{opencv,
	title = {OpenCV 3.2.0 Documentation},
	howpublished = {{\em {\footnotesize \url{http://docs.opencv.org/3.2.0/}}}},
	journal = {OpenCV: OpenCV modules},
	publisher = {OpenCV}
}

% EDGE/BORDER DETECTION
@ARTICLE {theory,
    author  = "D. Marr",
    author  = "E. Hildreth",
    title   = "Theory of Edge Detection",
    journal = "Proceedings of the Royal Society of London",
    year    = "1979",
    month   = "feb"
}
%%% SOBEL
@MISC {sobel1,
    title        = "Sobel Edge Detector",
    howpublished = "\url{http://homepages.inf.ed.ac.uk/rbf/HIPR2/sobel.htm}",
    note         = "Accessed: 20/06/2017 - 21/06/2017"
}

@misc{sobel2,
	title = {Sobel Derivatives},
	howpublished = {{\em {\footnotesize \url{http://docs.opencv.org/2.4/doc/tutorials/imgproc/imgtrans/sobel_derivatives/sobel_derivatives.html}}}},
	journal = {Sobel Derivatives — OpenCV 2.4.13.2 documentation}
}
%%% LAPLACE
@misc{laplace1,
	title = {Laplace Operator},
	howpublished = {{\em {\footnotesize \url{http://docs.opencv.org/2.4/doc/tutorials/imgproc/imgtrans/laplace_operator/laplace_operator.html}}}},
	journal = {Laplace Operator — OpenCV 2.4.13.2 documentation}
}

@MISC {laplace2,
    title        = "Laplacian Edge Detector",
    howpublished = "\url{https://de.mathworks.com/matlabcentral/answers/uploaded_files/51086/Edge\%20detection\%20-\%20Laplace\%20edge\%20detection\%20algorythm.pdf}",
    note         = "Accessed: 20/06/2017 - 21/06/2017"
}


% TUTORIAL
@misc{visao,
	title = {Tutorial: Introdução à Visão Computacional usando OpenCV},
	howpublished = {{\em {\footnotesize \url{http://seer.ufrgs.br/rita/article/view/rita_v16_n1_p125}}}},
	journal = {Revista de Informática Teórica e Aplicada},
	author = {Marengoni, Maurício and Stringhini, Stringhini},
	year = {2009}
}

@book{cookbook,
	place = {Birmingham},
	title = {OpenCV 2 computer vision application programming cookbook},
	publisher = {Packt Publ. Ltd.},
	author = {Laganière, Robert},
	year = {2011}
}

% GLCM
@misc{graycomatrix,
	title = {graycoprops},
	howpublished = {{\em {\footnotesize \url{http://www.mathworks.com/help/images/ref/graycomatrix.html?requestedDomain=www.mathworks.com}}}},
	journal = {Create gray-level co-occurrence matrix from image - MATLAB graycomatrix},
	publisher = {MathWorks},
	year = {2006}
}

@misc{GLCM1,
	title = {Hayes\_GreyScaleCoOccurrenceMatrix},
	howpublished = {{\em {\footnotesize \url{http://web.pdx.edu/\~jduh/courses/Archive/geog481w07/Students/Hayes\_GreyScaleCoOccurrenceMatrix.pdf}}}},
	author = {Duh, Jiunn-Der G.},
	year = {2007}, month = {Março,}
}

@misc{GLCM2,
	title = {Uso de texturas para o acompanhamento da evolução do tratamento de úlceras dermatológicas.},
	howpublished = {{\em {\footnotesize \url{http://www.teses.usp.br/teses/disponiveis/18/18133/tde-26042001-125441/pt-br.php}}}},
	journal = {Biblioteca Digital de Teses e Dissertações da USP},
	publisher = {Biblioteca Digital de Teses e Dissertações da Universidade de São Paulo},
	author = {Medeiros, Gilmar Caiado Fleury},
	year = {2001}, month = {Abril,}
}

@misc{GLCM-tutorial,
	title = {The GLCM Tutorial},
	howpublished = {{\em {\footnotesize \url{http://www.fp.ucalgary.ca/mhallbey/tutorial.htm}}}},
	journal ={Home},
	publisher = {Mryka Hall-Beyer},
	author = {Hall-Beyer, Mryka},
	year = {2007}, month = {Fevereiro,}
}

@article{textura,
	title = {LA MATRIZ DE CO-OCURRENCIA EN LA CLASIFICACIóN MULTIESPECTRAL: TUTORIAL PARA LA ENSEñANZA DE MEDIDAS TEXTURALES EN CURSOS DE GRADO UNIVERSITARIO},
	howpublished = {{\em {\footnotesize \url{http://www.inpe.br/unidades/cep/atividadescep/jornada/programa/t-9_trab_27.pdf}}}},
	journal = {4ª Jornada de Educação em Sensoriamento Remoto no Âmbito do Mercosul},
	author = {Presutti, Miriam},
	year = {2004}, month = {Agosto,},
	pages = {1–9}
}

% FEATURES DETECTION
@article{haralick,
	title = {Textural Features for Image Classification},
	volume = {SMC-3},
	howpublished = {{\em {\footnotesize \url{https://www.researchgate.net/publication/3115759_Haralick_RM_Shanmuga_K_Dinstein_ITextural_features_for_image_classification_IEEE_Trans_Syst_Man_Cybern_3_610-621}}}},
	DOI = {10.1109/tsmc.1973.4309314},
	number = {6},
	journal = {IEEE Transactions on Systems, Man, and Cybernetics},
	author = {Haralick, Robert M. and Shanmugam, K. and Dinstein, Itshak},
	year = {1973}, month = {Dezembro,},
	pages = {610–621}
}

@misc{hough,
	title = {Hough Transform},
	howpublished = {{\em {\footnotesize \url{http://homepages.inf.ed.ac.uk/rbf/HIPR2/hough.htm}}}},
	journal = {Image Processing Learning Resources},
	publisher = {The University of Edinburgh School Informatics}
}

@misc{probabilistic-hough,
	title = {Probabilistic Hough Transform},
	howpublished = {{\em {\footnotesize \url{http://homepages.inf.ed.ac.uk/rbf/CVonline/LOCAL_COPIES/AV1011/macdonald.pdf}}}},
	journal = {CVonline: The Evolving, Distributed, Non-Proprietary, On-Line Compendium of Computer Vision},
	publisher = {The University of Edinburgh School Informatics},
	author = {Macdonald, Iain},
	year = {2011}, month = {Abril,}
}

% PROCESSAMENTO MORFOLOGICO
@misc{filtros-morfologicos,
	title = {Teoria: Processamento de Imagens},
	howpublished = {{\em {\footnotesize \url{http://www.dpi.inpe.br/spring/teoria/filtrage/filtragem.htm}}}},
	journal = {SPRING: Tutorial de Geoprocessamento},
	publisher = {Divisão de Processamento de Imagens do Instituto Nacional de Pesquisas Espaciais - DPI-INPE},
	year = {2000}, month = {Fevereiro,}
}

% K-MEANS ADAPTATIVO
@manual{kmeans,
    title  = "Adaptive K-Means Clustering",
    author = "Sanjiv K. Bhatia"
}